<?xml version="1.0" encoding="UTF-8"?><collection xmlns="http://www.loc.gov/MARC21/slim"><record><leader>00349nam--2200109-i-4500</leader><controlfield tag="001">000018147</controlfield><controlfield tag="002">20161230</controlfield><controlfield tag="005">20161230201032</controlfield><controlfield tag="008">060222s1000------------r-----000-0-eng-d</controlfield><datafield ind1=" " ind2=" " tag="245"><subfield code="a">Elektronentheorie der homoopolared bindung hauptjahres tagung der chemischen gesellscheft in der d.d.r. 1955</subfield></datafield><datafield ind1=" " ind2=" " tag="260"><subfield code="a">Berlin, Akademie Verlag, 1956. 164 P</subfield></datafield><datafield ind1=" " ind2=" " tag="852"><subfield code="a">12297</subfield></datafield></record></collection>